T0032210047300010416310003180205180205180205195000370020840699   180111+000000000000179900000000EURYRITYSTILI                    000000000000000000KAJALA GROUP OY                    SUUPOHJAN OSUUSPANKKI                                                           Y-TUNNUS 0886725-8            FI4947300010416310 POPFFI22   
T10188000001180203473047IE58071802051802031802032720OTTO             TILISIIRTO        -000000000000179900 AJANI KAJALA                         47304720017517 00000000000000000000        0
T1132311                                   FI8847304720017517                 POPFFI22XXX                                                                                                                                                                                                                                          
T1104300VUOKRAT 2018-01                    
T101880000021802054730MV0001391802051802051802051705SAAPUVAT VIITEMAKSUT               +000000000000004900EJ                                                   00000000000000000000        0
T110160100000001
T40050180205+000000000000004900+000000000000004900
T50067118020500000001+00000000000000490000000001-000000000000179900
T50067318020500000001+00000000000000490000000001-000000000000179900
T50067418020500000003+00000000000018480000000001-000000000000179900
